2692 3959
85 40 260 138 cava.
407 21 824 113 attusrcu's.

88 167 277 239 quarundam
289 170 478 232 materierum
493 171 652 253 pinguium
660 184 736 233 terra
743 167 970 247 conclusarum,
988 188 1026 232 ae

90 253 189 318 forma
208 250 435 315 emulationum
454 250 700 315 ascendentium:
729 250 899 337 Eapropter
917 270 1026 314 notan·

91 340 164 400 dum
178 332 241 402 est,
261 332 283 395 fi
295 332 472 416 tempestate
484 339 623 419 quapiam
636 333 674 397 ali
698 331 850 417 uantisper
860 331 954 396 calida
967 330 1026 397 &a

91 420 191 483 ventis
203 429 392 496 nequaquam
406 432 567 478 commoto
579 435 646 478 aere
651 456 661 493 ,
677 351 769 479 buxu!
782 414 1028 479 acsemeleffera-

91 517 140 564 tur
155 498 279 581 infignis
296 501 447 578 quantitas
465 516 610 581 vaporum
633 498 927 566 &exhalationem
948 514 1028 577 quo·

91 602 158 649 num
178 588 305 665 agitatio
324 579 471 659 ejusmodi
485 580 535 655 fit,
558 596 592 642 ut
603 580 640 643 ad
653 580 821 643 notabilem
834 579 1028 644 altitudinem

89 666 240 747 ¹allurgere
251 678 380 742 queant,
403 662 632 747 tuncvapores,
654 664 1029 747 quipromptedivortiurn

93 748 231 821 faciunt,
260 746 299 807 ab
316 744 559 807 exhalationibus
576 743 734 822 secedent,
755 765 804 808 eas
815 746 1026 827 anticipatum:

94 828 301 895 exhalationes
320 842 446 901 autem,
473 844 600 909 quarum
621 842 718 909 partes
733 826 802 890 sunt
814 829 1031 900 invitationes,

95 930 154 979 nec
172 926 234 972 tam
252 908 309 969 alte
325 908 617 991 allurgerequeunr,
638 908 769 972 solitarie
781 910 957 993 peraethera
969 924 1030 969 ter·

13 1055 23 1073 ,
45 1035 51 1049 ·
95 992 283 1061 remanere
297 992 471 1072 proximum
484 990 706 1055 lublultabunt:
728 988 1032 1073 Siautemcontingat

94 1096 193 1144 aerem
212 1073 298 1138 illurn
318 1072 513 1135 mediocriter
528 1074 595 1136 refri
617 1076 692 1136 erari
704 1068 914 1156 pernostem,
935 1090 1033 1154 vapo-
1064 1142 1072 1157 ‚

12 1196 16 1207 ·
95 1162 178 1225 ribus
196 1154 437 1233 concellumiri,
458 1154 600 1219 utadhuc
625 1154 813 1221 officientem
823 1163 944 1220 motum
957 1171 1033 1217 con·
1100 1210 1113 1231 ‚

96 1244 240 1311 servent,
267 1254 331 1315 quo
351 1238 402 1297 luh
420 1256 475 1319 pro
498 1241 539 1301 ria
559 1237 657 1301 forma
676 1254 864 1303 remaneant:
887 1235 1033 1301 summ

92 1319 306 1386 'exhalationes
326 1317 446 1381 donatae
475 1321 683 1464 rutpertibus,
703 1340 829 1403 quarum
843 1316 1033 1404 figuracausa

100 1405 160 1477 est,
182 1420 218 1463 ur
227 1401 266 1463 ad
278 1402 411 1479 quietem
424 1404 511 1463 eitius
546 1406 789 1472 eterminentur,
803 1403 874 1466 ideo
888 1402 940 1468 fibi
953 1405 1034 1466 invi-

98 1506 165 1549 cem
180 1482 377 1556 accumbent,
400 1482 603 1563 nebulaimque
612 1485 818 1561 constituent,
839 1486 1035 1567 aquaregio·

98 1574 144 1635 nis
157 1586 196 1630 eo
208 1564 337 1650 amplius
349 1564 473 1649 spatium
487 1570 694 1647 cooperietur,
716 1584 779 1645 quo
791 1569 888 1629 ma'or
901 1570 956 1630 erit
968 1566 1035 1629 illa·

98 1670 166 1715 rum
179 1653 285 1729 copia:
308 1647 356 1708 Ac
369 1646 511 1727 deinceps
523 1646 542 1705 sr
558 1588 888 1727 inliquoremoleotbm
897 1644 1036 1712 concres-

100 1745 194 1803 cant,
220 1728 257 1789 ad
280 1727 435 1788 occursum
456 1744 617 1807 corporum
631 1732 763 1791 maxime
777 1730 940 1805 fictorum,
961 1729 1035 1793 srcut

100 1830 171 1877 ante
184 1811 334 1885 diximus,
354 1826 481 1889 vapores
494 1810 525 1870 in
542 1828 640 1871 rorem
653 1810 861 1887 concrescere:
884 1814 958 1875 inde
969 1808 1035 1873 nas·

100 1887 601 1975 ceturnebulaSegetibusinfesta‚
622 1891 1036 1959 rusticor·umtaedium&de·

98 1980 288 2043 trimenrum.

144 2057 177 2123 Sl
197 2074 229 2118 ut
242 2054 465 2131 exhalationes,
486 2072 554 2135 quae
567 2054 926 2141 nebulamcomponunt,
946 2072 1036 2120 natu·
1104 2066 1151 2111 11·

99 2160 163 2206 ram
178 2136 484 2217 oleorumrefipiunt‚
506 2136 699 2202 manifestum
707 2140 767 2215 est,
788 2140 1034 2203 illamhceiffimis
1049 2134 1097 2207 ⁶⁸1
1110 2133 1189 2182 ΝΜ·

94 2224 262 2309 'praest-:rim
282 2220 460 2303 corporibus
477 2220 676 2284 adhaesuram:
699 2218 784 2301 Quia
797 2225 870 2286 verb
884 2226 1035 2298 triticum,
1046 2209 1119 2316 ‘s'ffi
1130 2210 1185 2303 lsi,

100 2300 402 2381 fimilesqueplantae,
415 2302 616 2383 utplurimum
625 2301 1036 2383 ficcaequodammodosunt,
1051 2326 1101 2367 un
1113 2301 1189 2384 tuin

101 2404 168 2467 quo
185 2400 324 2463 tempure
337 2380 485 2459 ejusmodi
501 2384 619 2445 nebulae
632 2384 796 2453 decidunt,
816 2386 948 2466 ideoque
960 2404 1035 2448 con·
1049 2401 1065 2433 ¹¹
1075 2396 1129 2433 ml·

102 2466 195 2548 tingit
215 2480 248 2525 ur
266 2466 495 2545 maximacopia
506 2464 652 2543 ejusmodi
664 2469 842 2549 corporibus
853 2470 1037 2547 inhaereant:

102 2550 154 2613 Ac
167 2544 369 2629 proculdubio
382 2544 439 2605 illis
452 2564 514 2607 non
527 2548 660 2611 maxime
673 2551 776 2612 noxiae
789 2551 849 2614 elle
861 2568 1037 2632 nequeunt,

104 2630 125 2691 fi
146 2626 342 2711 postmodum
362 2644 413 2688 aer
430 2626 547 2689 serenus
561 2626 629 2695 fiat,
650 2648 686 2692 ac
697 2628 750 2693 Sol
761 2633 850 2695 radiis
862 2652 910 2695 eas
924 2632 1039 2715 plantae

98 2710 203 2778 feriat,
224 2709 327 2788 liquor
338 2710 420 2771 enirn
433 2708 567 2774 oleosum
589 2712 1039 2793 quoquodamrnododclibutae

98 2794 187 2867 lant,
209 2792 279 2854 olm
293 2790 422 2853 calorem
431 2792 726 2870 multumadmittat,
748 2796 1040 2861 incausaellutadu·

100 2890 206 2939 tantur
219 2878 254 2941 ὃς
266 2876 397 2935 omninb
409 2890 647 2956 corrumpantur.

147 2952 181 3016 Si
193 2954 394 3016 exhalationes
406 2954 495 3034 paulo
510 2959 655 3020 remotius
667 2957 1040 3043 itechondensareutur,
1099 2966 1168 3017 11¹·

100 3036 221 3101 nubem
236 3055 300 3098 non
314 3034 454 3101 nebulam
466 3056 621 3121 parerent,
644 3041 1043 3132 demumintrallatae'aqua.
1058 3040 1202 3108 ”vm-‘'ll''
1246 3080 1261 3106 .

104 3121 189 3203 piam
210 3116 311 3193 caula,
333 3120 439 3197 exiis,
460 3139 528 3198 quos
542 3122 751 3207 utplurimum
765 3124 921 3202 effitiunt,
942 3149 977 3195 ut
991 3110 1187 3203 v,.¹⁸’⁸²''¹⁸''‘”'

101 3218 195 3284 pores
207 3202 237 3262 iu
251 3218 357 3277 rqttam
372 3208 605 3280 convertantur,
624 3224 846 3285 componerent
874 3221 1058 3293 tuttasnlaffi

101 3284 166 3358 sas,
185 3282 466 3361 quaealilscolorem
475 3286 775 3362 rulumexhihentes,
797 3229 1015 3386 preberentg
1033 3313 1059 3375 q.

99 3369 232 3430 'nionem
247 3364 377 3447 pluviam
391 3366 668 3453 ellesanguineatm
690 3368 811 3452 qualem
822 3338 1070 3471 aliquauquc.

102 3446 210 3542 cidisse
222 3446 342 3529 quidam
358 3448 500 3513 referunt.
552 3482 554 3485 ·
600 3486 604 3493 ·
683 3470 687 3476 ·
765 3464 768 3468 ·
1018 3429 1040 3481 ²

473 3545 491 3576 ⁰
584 3527 690 3615 Dd4
813 3638 817 3645 Α
971 3567 1097 3684 ΨΦ
