2692 3959
408 146 445 235 P
470 150 516 239 R
542 150 600 239 AE
624 150 661 236 F
690 151 731 237 Α
755 144 799 232 Τ
827 146 851 233 Ι
876 146 931 234 Ο.

295 302 346 377 do
370 302 486 379 sentim
517 326 692 403 augmenta
724 300 897 388 habuiffea
939 302 1226 400 quemadmodum

295 399 767 497 quisquisfaciie'coni'entiet,
790 401 1230 501 fimtiddperue'ndatiniig·

294 522 354 591 ,net
370 498 553 596 progress'us
563 500 896 575 evonosttofaet'ost
908 498 1225 597 madniiiiiirgeniis,

297 599 358 689 qui
382 622 420 671 ea
437 599 578 675 Scientia
592 602 821 679 claruerunt.
855 608 891 675 δι
916 605 978 693 qui
1004 596 1225 675 Difficultatee

291 696 442 864 {tiorum
464 696 659 771 saeculorum
683 698 856 789 impervias
887 697 1090 790 superarunt.
1121 690 1225 769 Vide·

320 818 371 869 am
395 798 493 869 etiam
513 797 651 865 Artium
682 792 858 869 maximam
885 813 1032 885 partem,
1068 792 1229 883 temporit

293 884 454 969 decursu,
478 887 716 984 persedionem
731 888 909 979 consequi,
935 886 1109 961 accedente
1127 880 1227 975 opiii·

156 1049 160 1059 .
292 1010 372 1059 cum
400 980 576 1067 industria,
611 986 629 1055 a
647 985 770 1077 quibus
786 985 820 1056 in
841 982 986 1076 finguioa
1004 981 1074 1055 diet
1092 1007 1176 1055 nova
1190 988 1226 1055 dt

189 1138 193 1148 .
289 1078 468 1171 singularia
485 1101 627 1178 reperta,
653 1105 730 1177 quae
751 1081 828 1175 quia
849 1082 910 1153 usu
927 1082 1025 1153 nimis
1042 1080 1119 1153 trita
1133 1078 1227 1159 &fa-

295 1174 448 1261 miliaria,
480 1202 543 1275 pro
568 1182 688 1255 metito
712 1176 1008 1253 considerationem
1033 1186 1067 1251 &
1093 1174 1224 1251 laudem

295 1298 365 1349 non
385 1276 655 1371 consequuntur:
683 1274 775 1349 Ciam
794 1299 903 1375 tamen
922 1279 972 1350 vel
985 1278 1003 1351 ὲ
1016 1273 1227 1350 soiismaehi·

211 1370 215 1377 ’
296 1374 347 1446 nit
373 1372 506 1447 fabrice
531 1384 746 1471 rerumquae
769 1376 867 1449 nobis
890 1376 964 1447 usui
986 1375 1064 1449 sunt
1086 1372 1221 1453 dicatis,

295 1473 393 1551 unica
425 1496 534 1561 recens
570 1470 774 1557 adinventa,
804 1494 872 1546 tam
901 1471 1055 1572 {ingniari
1082 1473 1224 1545 artificio

295 1568 479 1664 excogitata
497 1564 553 1652 iit,
579 1590 618 1643 ut
634 1566 763 1646 laudem
782 1572 939 1645 omnibus
954 1573 995 1645 ab
1007 1572 1225 1665 Antiquisre-

295 1666 397 1765 pertis
409 1666 584 1765 preripiat.
621 1684 626 1692 '
864 1749 868 1756 ,

349 1761 479 1837 Verum
492 1762 533 1838 ad
548 1760 769 1861 Philosophiae
787 1791 920 1840 examen
939 1768 998 1838 ubi
1011 1771 1156 1840 animum
1169 1790 1224 1838 an·
1268 1823 1271 1829 .

300 1862 394 1963 puli,
426 1886 462 1933 ac
483 1860 652 1960 speciatim·
673 1860 841 1963 Phyircae,
875 1886 969 1937 totus
990 1864 1145 1961 obstupui
1164 1864 1223 1935 ubi

301 1958 387 2041 aded
403 1958 511 2052 jejune
527 1968 559 2033 dt
577 1959 724 2033 sterilita
744 1986 797 2035 me
809 1958 1005 2059 deprehensa
1021 1961 1088 2047 est,
1115 1985 1153 2034 ur
1166 1986 1224 2044 net

299 2058 466 2153 viginti&
479 2056 768 2153 ampliustsaecuia,
794 2055 833 2130 ad
845 2058 1224 2153 aevumus‘quenoiirttm

300 2156 420 2251 elapsa,
455 2152 537 2229 nihil
560 2154 689 2254 fruetur
711 2155 867 2235 ediderit,
894 2183 953 2231 nec
971 2160 1152 2252 quicquam
1172 2156 1224 2226 eei

300 2252 487 2325 minimum·
499 2276 625 2325 novum
643 2252 955 2344 exindeemerserit,

260 2406 266 2414 .
350 2352 428 2422 Nec
443 2368 549 2423 tamen
577 2370 722 2423 mentem
747 2352 845 2421 subiit
861 2352 998 2447 opinio,
1022 2348 1223 2425 vaiedidum‘

302 2446 365 2520 eiie
389 2444 501 2518 studio
527 2470 636 2525 rerum
653 2451 848 2520 naturalium
867 2448 957 2545 quali
974 2450 1095 2522 nuliius
1110 2448 1226 2523 forent¹

301 2546 399 2627 ustas,
435 2542 513 2617 ciam
543 2544 583 2616 ab
594 2546 687 2617 omni
704 2567 852 2642 tempore
867 2550 1028 2645 prosperae
1043 2547 1223 2622 valetudini

303 2642 491 2723 consultum
507 2638 624 2727 fuerit,
648 2642 782 2734 ejusque
799 2644 959 2718 neceffitas
976 2669 1133 2741 tanquam
1153 2647 1224 2714 exi-

300 2742 407 2813 mium
433 2742 511 2814 vitae
537 2742 666 2813 bonum
692 2740 814 2823 habita,
842 2769 899 2814 nec
918 2766 1108 2835 quenquam
1122 2742 1226 2811 latue-

299 2838 343 2910 rit
359 2834 584 2919 Medicinam,
608 2836 702 2921 euius
721 2841 836 2908 unicus
853 2834 899 2911 est
915 2840 1030 2933 scopus
1045 2838 1222 2911 Sanitatem

299 2936 411 3019 tucri,
446 2934 734 3025 labefactatamque
757 2933 950 3019 instaurare,
979 2960 1047 3017 trun
1073 2933 1230 3012 alia-*bafi-

299 3034 401 3127 quim
419 3029 554 3127 Physica
572 3030 670 3100 inniti
686 3027 817 3102 debete.
1225 3041 1230 3049 ”

349 3134 422 3201 Nec
444 3130 523 3199 item
546 3126 694 3223 suspicati
710 3128 807 3224 licuit
820 3152 896 3209 ens,
932 3134 992 3224 qui
1011 3132 1096 3205 iiiam
1112 3133 1229 3211 Scitur-¹

298 3226 376 3297 tiam
413 3226 665 3305 excoluerunt,
718 3228 926 3321 pautioribus
978 3232 1100 3314 inqcnii
1131 3230 1224 3304 doci·

298 3324 361 3396 bus
374 3322 531 3418 praeditos
544 3320 637 3395 fuisse
658 3324 760 3420 quim
784 3328 928 3425 attigeret
945 3330 1118 3409 artifices,
1143 3328 1222 3413 ciam

297 3417 377 3493 tede
396 3423 614 3517 experientia,
635 3424 676 3494 'in
696 3420 847 3509 familiis,
878 3429 911 3498 in
927 3429 1049 3519 quadrus
1064 3430 1173 3521 plures
1186 3452 1223 3497 e.

294 3518 587 3608 ducantutiibcri,
620 3522 681 3594 ubi
704 3518 746 3598 de
760 3522 908 3623 eligenda
931 3525 1007 3601 vite
1027 3520 1224 3638 conditione

1000 3710 1004 3717 .
1124 3652 1130 3661 '
1159 3646 1228 3723 θεῖ’
